@inproceedings{alt,
  title={Kepler: an extensible system for design and execution of scientific workflows},
  author={Altintas, Ilkay and Berkley, Chad and Jaeger, Efrat and Jones, Matthew and Ludascher, Bertram and Mock, Steve},
  booktitle={Scientific and Statistical Database Management, 2004. Proceedings. 16th International Conference on},
  pages={423--424},
  year={2004},
  organization={IEEE}
}
@inproceedings{ste,
  title={Skelcl-a portable skeleton library for high-level gpu programming},
  author={Steuwer, Michel and Kegel, Philipp and Gorlatch, Sergei},
  booktitle={Parallel and Distributed Processing Workshops and Phd Forum (IPDPSW), 2011 IEEE International Symposium on},
  pages={1176--1182},
  year={2011},
  organization={IEEE}
}
Export Formats
BibTeX | EndNote | ACM Ref
@inproceedings{kri,
 author = {Krieder, Scott J. and Wozniak, Justin M. and Armstrong, Timothy and Wilde, Michael and Katz, Daniel S. and Grimmer, Benjamin and Foster, Ian T. and Raicu, Ioan},
 title = {Design and Evaluation of the Gemtc Framework for GPU-enabled Many-task Computing},
 booktitle = {Proceedings of the 23rd International Symposium on High-performance Parallel and Distributed Computing},
 series = {HPDC '14},
 year = {2014},
 isbn = {978-1-4503-2749-7},
 location = {Vancouver, BC, Canada},
 pages = {153--164},
 numpages = {12},
 url = {http://doi.acm.org/10.1145/2600212.2600228},
 doi = {10.1145/2600212.2600228},
 acmid = {2600228},
 publisher = {ACM},
 address = {New York, NY, USA},
 keywords = {accelerators, cuda, execution models, gpgpu, hybrid execution, many-task computing, programming models, workflow},
} 

@article{pegasus,
  title={Pegasus: A framework for mapping complex scientific workflows onto distributed systems},
  author={Deelman, Ewa and Singh, Gurmeet and Su, Mei-Hui and Blythe, James and Gil, Yolanda and Kesselman, Carl and Mehta, Gaurang and Vahi, Karan and Berriman, G Bruce and Good, John and others},
  journal={Scientific Programming},
  volume={13},
  number={3},
  pages={219--237},
  year={2005},
  publisher={Hindawi Publishing Corporation}
}
@incollection{condor,
  title={Workflow management in condor},
  author={Couvares, Peter and Kosar, Tevfik and Roy, Alain and Weber, Jeff and Wenger, Kent},
  booktitle={Workflows for e-Science},
  pages={357--375},
  year={2007},
  publisher={Springer}
}
@article{bou14,
  title={Efficient Abstractions for GPGPU Programming},
  author={Bourgoin, Mathias and Chailloux, Emmanuel and Lamotte, Jean-Luc},
  journal={International Journal of Parallel Programming},
  volume={42},
  number={4},
  pages={583--600},
  year={2014},
  publisher={Kluwer Academic Publishers}
}
@inproceedings{bour14,
  title={GPGPU Composition with OCaml},
  author={Bourgoin, Mathias and Chailloux, Emmanuel},
  booktitle={Proceedings of ACM SIGPLAN International Workshop on Libraries, Languages, and Compilers for Array Programming},
  pages={32},
  year={2014},
  organization={ACM}
}
@article{bux,
  author    = {Marc Bux and
               Ulf Leser},
  title     = {Parallelization in Scientific Workflow Management Systems},
  journal   = {CoRR},
  volume    = {abs/1303.7195},
  year      = {2013},
  url       = {http://arxiv.org/abs/1303.7195},
  timestamp = {Mon, 08 Apr 2013 13:28:28 +0200},
  biburl    = {http://dblp.uni-trier.de/rec/bib/journals/corr/abs-1303-7195},
  bibsource = {dblp computer science bibliography, http://dblp.org}
}
@inproceedings{cal,
  title={VisTrails: visualization meets data management},
  author={Callahan, Steven P and Freire, Juliana and Santos, Emanuele and Scheidegger, Carlos E and Silva, Cl{\'a}udio T and Vo, Huy T},
  booktitle={Proceedings of the 2006 ACM SIGMOD international conference on Management of data},
  pages={745--747},
  year={2006},
  organization={ACM}
}
@article{coh,
  title={MAD skills: new analysis practices for big data},
  author={Cohen, Jeffrey and Dolan, Brian and Dunlap, Mark and Hellerstein, Joseph M and Welton, Caleb},
  journal={Proceedings of the VLDB Endowment},
  volume={2},
  number={2},
  pages={1481--1492},
  year={2009},
  publisher={VLDB Endowment}
}
@article{dia,
  title={Dynamic steering of HPC scientific workflows: A survey},
  author={Mattoso, Marta and Dias, Jonas and Oca{\~n}a, Kary ACS and Ogasawara, Eduardo and Costa, Flavio and Horta, Felipe and Silva, V{\'\i}tor and de Oliveira, Daniel},
  journal={Future Generation Computer Systems},
  volume={46},
  pages={100--113},
  year={2015},
  publisher={Elsevier}
}
@article{oga11,
  title={An algebraic approach for data-centric scientific workflows},
  author={Ogasawara, Eduardo and Dias, Jonas and Oliveira, Daniel and Porto, F{\'a}bio and Valduriez, Patrick and Mattoso, Marta},
  journal={Proc. of VLDB Endowment},
  volume={4},
  number={12},
  pages={1328--1339},
  year={2011}
}
@article{oga13,
  title={Chiron: a parallel engine for algebraic scientific workflows},
  author={Ogasawara, Eduardo and Dias, Jonas and Silva, Vitor and Chirigati, Fernando and Oliveira, Daniel and Porto, Fabio and Valduriez, Patrick and Mattoso, Marta},
  journal={Concurrency and Computation: Practice and Experience},
  volume={25},
  number={16},
  pages={2327--2341},
  year={2013},
  publisher={Wiley Online Library}
}

@article{sim,
  title={A survey of data provenance in e-science},
  author={Simmhan, Yogesh L and Plale, Beth and Gannon, Dennis},
  journal={ACM Sigmod Record},
  volume={34},
  number={3},
  pages={31--36},
  year={2005},
  publisher={ACM}
}
@article{san,
  title={Provenance for computational tasks: A survey},
  author={Freire, Juliana and Koop, David and Santos, Emanuele and Silva, Cl{\'a}udio T},
  journal={Computing in Science \& Engineering},
  volume={10},
  number={3},
  pages={11--21},
  year={2008},
  publisher={AIP Publishing}
}
@article{nv,
 author = {Nickolls, John and Buck, Ian and Garland, Michael and Skadron, Kevin},
 title = {Scalable Parallel Programming with CUDA},
 journal = {Queue},
 issue_date = {March/April 2008},
 volume = {6},
 number = {2},
 month = mar,
 year = {2008},
 issn = {1542-7730},
 pages = {40--53},
 numpages = {14},
 url = {http://doi.acm.org/10.1145/1365490.1365500},
 doi = {10.1145/1365490.1365500},
 acmid = {1365500},
 publisher = {ACM},
 address = {New York, NY, USA},
} 
@article{oli,
  title={An adaptive parallel execution strategy for cloud-based scientific workflows},
  author={Oliveira, Daniel and Ogasawara, Eduardo and Oca{\~n}a, Kary and Bai{\~a}o, Fernanda and Mattoso, Marta},
  journal={Concurrency and Computation: Practice and Experience},
  volume={24},
  number={13},
  pages={1531--1550},
  year={2012},
  publisher={Wiley Online Library}
}